@book{taylor2009text,
  title={Text-to-speech synthesis},
  author={Taylor, Paul},
  year={2009},
  publisher={Cambridge university press}
}

@article{griffin1984signal,
  title={Signal estimation from modified short-time Fourier transform},
  author={Griffin, Daniel and Lim, Jae},
  journal={IEEE Transactions on Acoustics, Speech, and Signal Processing},
  volume={32},
  number={2},
  pages={236--243},
  year={1984},
  publisher={IEEE}
}

@inproceedings{van2016wavenet,
  title={WaveNet: A generative model for raw audio.},
  author={Van Den Oord, A{\"a}ron and Dieleman, Sander and Zen, Heiga and Simonyan, Karen and Vinyals, Oriol and Graves, Alex and Kalchbrenner, Nal and Senior, Andrew W and Kavukcuoglu, Koray},
  booktitle={SSW},
  pages={125},
  year={2016}
}

@article{mehri2016samplernn,
  title={SampleRNN: An unconditional end-to-end neural audio generation model},
  author={Mehri, Soroush and Kumar, Kundan and Gulrajani, Ishaan and Kumar, Rithesh and Jain, Shubham and Sotelo, Jose and Courville, Aaron and Bengio, Yoshua},
  journal={arXiv preprint arXiv:1612.07837},
  year={2016}
}

@article{sotelo2017char2wav,
  title={Char2wav: End-to-end speech synthesis},
  author={Sotelo, Jose and Mehri, Soroush and Kumar, Kundan and Santos, Joao Felipe and Kastner, Kyle and Courville, Aaron and Bengio, Yoshua},
  year={2017}
}

@article{ping2017deep,
  title={Deep voice 3: 2000-speaker neural text-to-speech},
  author={Ping, Wei and Peng, Kainan and Gibiansky, Andrew and Arik, Sercan O and Kannan, Ajay and Narang, Sharan and Raiman, Jonathan and Miller, John},
  journal={arXiv preprint arXiv:1710.07654},
  year={2017}
}

@article{arik2017deep2,
  title={Deep voice 2: Multi-speaker neural text-to-speech},
  author={Arik, Sercan and Diamos, Gregory and Gibiansky, Andrew and Miller, John and Peng, Kainan and Ping, Wei and Raiman, Jonathan and Zhou, Yanqi},
  journal={arXiv preprint arXiv:1705.08947},
  year={2017}
}

@article{arik2017deep,
  title={Deep voice: Real-time neural text-to-speech},
  author={Arik, Sercan O and Chrzanowski, Mike and Coates, Adam and Diamos, Gregory and Gibiansky, Andrew and Kang, Yongguo and Li, Xian and Miller, John and Ng, Andrew and Raiman, Jonathan and others},
  journal={arXiv preprint arXiv:1702.07825},
  year={2017}
}

@article{stevens1937scale,
  title={A scale for the measurement of the psychological magnitude pitch},
  author={Stevens, Stanley Smith and Volkmann, John and Newman, Edwin B},
  journal={The Journal of the Acoustical Society of America},
  volume={8},
  number={3},
  pages={185--190},
  year={1937},
  publisher={ASA}
}

@article{srivastava2015highway,
  title={Highway networks},
  author={Srivastava, Rupesh Kumar and Greff, Klaus and Schmidhuber, J{\"u}rgen},
  journal={arXiv preprint arXiv:1505.00387},
  year={2015}
}

@article{qu2016learning,
  title={Learning filter banks using deep learning for acoustic signals},
  author={Qu, Shuhui and Li, Juncheng and Dai, Wei and Das, Samarjit},
  journal={arXiv preprint arXiv:1611.09526},
  year={2016}
}

@article{wang2017tacotron,
  title={Tacotron: Towards end-to-end speech synthesis},
  author={Wang, Yuxuan and Skerry-Ryan, RJ and Stanton, Daisy and Wu, Yonghui and Weiss, Ron J and Jaitly, Navdeep and Yang, Zongheng and Xiao, Ying and Chen, Zhifeng and Bengio, Samy and others},
  journal={arXiv preprint arXiv:1703.10135},
  year={2017}
}

@inproceedings{shen2018natural,
  title={Natural TTS synthesis by conditioning wavenet on mel spectrogram predictions},
  author={Shen, Jonathan and Pang, Ruoming and Weiss, Ron J and Schuster, Mike and Jaitly, Navdeep and Yang, Zongheng and Chen, Zhifeng and Zhang, Yu and Wang, Yuxuan and Skerrv-Ryan, Rj and others},
  booktitle={2018 IEEE International Conference on Acoustics, Speech and Signal Processing (ICASSP)},
  pages={4779--4783},
  year={2018},
  organization={IEEE}
}

@article{cho2014learning,
  title={Learning phrase representations using RNN encoder-decoder for statistical machine translation},
  author={Cho, Kyunghyun and Van Merri{\"e}nboer, Bart and Gulcehre, Caglar and Bahdanau, Dzmitry and Bougares, Fethi and Schwenk, Holger and Bengio, Yoshua},
  journal={arXiv preprint arXiv:1406.1078},
  year={2014}
}

@inproceedings{sutskever2014sequence,
  title={Sequence to sequence learning with neural networks},
  author={Sutskever, Ilya and Vinyals, Oriol and Le, Quoc V},
  booktitle={Advances in neural information processing systems},
  pages={3104--3112},
  year={2014}
}

@article{bahdanau2014neural,
  title={Neural machine translation by jointly learning to align and translate},
  author={Bahdanau, Dzmitry and Cho, Kyunghyun and Bengio, Yoshua},
  journal={arXiv preprint arXiv:1409.0473},
  year={2014}
}

@article{luong2015effective,
  title={Effective approaches to attention-based neural machine translation},
  author={Luong, Minh-Thang and Pham, Hieu and Manning, Christopher D},
  journal={arXiv preprint arXiv:1508.04025},
  year={2015}
}

@article{daniluk2017frustratingly,
  title={Frustratingly short attention spans in neural language modeling},
  author={Daniluk, Micha{\l} and Rockt{\"a}schel, Tim and Welbl, Johannes and Riedel, Sebastian},
  journal={arXiv preprint arXiv:1702.04521},
  year={2017}
}

@article{gehring2017convolutional,
  title={Convolutional sequence to sequence learning},
  author={Gehring, Jonas and Auli, Michael and Grangier, David and Yarats, Denis and Dauphin, Yann N},
  journal={arXiv preprint arXiv:1705.03122},
  year={2017}
}

@inproceedings{vaswani2017attention,
  title={Attention is all you need},
  author={Vaswani, Ashish and Shazeer, Noam and Parmar, Niki and Uszkoreit, Jakob and Jones, Llion and Gomez, Aidan N and Kaiser, {\L}ukasz and Polosukhin, Illia},
  booktitle={Advances in Neural Information Processing Systems},
  pages={5998--6008},
  year={2017}
}

@article{liu2018generating,
  title={Generating wikipedia by summarizing long sequences},
  author={Liu, Peter J and Saleh, Mohammad and Pot, Etienne and Goodrich, Ben and Sepassi, Ryan and Kaiser, Lukasz and Shazeer, Noam},
  journal={arXiv preprint arXiv:1801.10198},
  year={2018}
}

@article{kitaev2018constituency,
  title={Constituency Parsing with a Self-Attentive Encoder},
  author={Kitaev, Nikita and Klein, Dan},
  journal={arXiv preprint arXiv:1805.01052},
  year={2018}
}

@article{parmar2018image,
  title={Image Transformer},
  author={Parmar, Niki and Vaswani, Ashish and Uszkoreit, Jakob and Kaiser, {\L}ukasz and Shazeer, Noam and Ku, Alexander},
  journal={arXiv preprint arXiv:1802.05751},
  year={2018}
}

@article{zhou2018syllable,
  title={Syllable-Based Sequence-to-Sequence Speech Recognition with the Transformer in Mandarin Chinese},
  author={Zhou, Shiyu and Dong, Linhao and Xu, Shuang and Xu, Bo},
  journal={arXiv preprint arXiv:1804.10752},
  year={2018}
}

@article{zhou2018multilingual,
  title={Multilingual End-to-End Speech Recognition with A Single Transformer on Low-Resource Languages},
  author={Zhou, Shiyu and Xu, Shuang and Xu, Bo},
  journal={arXiv preprint arXiv:1806.05059},
  year={2018}
}

@article{hornik1989multilayer,
  title={Multilayer feedforward networks are universal approximators},
  author={Hornik, Kurt and Stinchcombe, Maxwell and White, Halbert},
  journal={Neural networks},
  volume={2},
  number={5},
  pages={359--366},
  year={1989},
  publisher={Elsevier}
}

@article{srivastava2014dropout,
  title={Dropout: a simple way to prevent neural networks from overfitting},
  author={Srivastava, Nitish and Hinton, Geoffrey and Krizhevsky, Alex and Sutskever, Ilya and Salakhutdinov, Ruslan},
  journal={The Journal of Machine Learning Research},
  volume={15},
  number={1},
  pages={1929--1958},
  year={2014},
  publisher={JMLR. org}
}

@inproceedings{he2016deep,
  title={Deep residual learning for image recognition},
  author={He, Kaiming and Zhang, Xiangyu and Ren, Shaoqing and Sun, Jian},
  booktitle={Proceedings of the IEEE conference on computer vision and pattern recognition},
  pages={770--778},
  year={2016}
}

@article{ba2016layer,
  title={Layer normalization},
  author={Ba, Jimmy Lei and Kiros, Jamie Ryan and Hinton, Geoffrey E},
  journal={arXiv preprint arXiv:1607.06450},
  year={2016}
}

@article{williams1989learning,
  title={A learning algorithm for continually running fully recurrent neural networks},
  author={Williams, Ronald J and Zipser, David},
  journal={Neural computation},
  volume={1},
  number={2},
  pages={270--280},
  year={1989},
  publisher={MIT Press}
}

@article{parikh2016decomposable,
  title={A decomposable attention model for natural language inference},
  author={Parikh, Ankur P and T{\"a}ckstr{\"o}m, Oscar and Das, Dipanjan and Uszkoreit, Jakob},
  journal={arXiv preprint arXiv:1606.01933},
  year={2016}
}

@inproceedings{szegedy2016rethinking,
  title={Rethinking the inception architecture for computer vision},
  author={Szegedy, Christian and Vanhoucke, Vincent and Ioffe, Sergey and Shlens, Jon and Wojna, Zbigniew},
  booktitle={Proceedings of the IEEE conference on computer vision and pattern recognition},
  pages={2818--2826},
  year={2016}
}

@article{kingma2014adam,
  title={Adam: A method for stochastic optimization},
  author={Kingma, Diederik P and Ba, Jimmy},
  journal={arXiv preprint arXiv:1412.6980},
  year={2014}
}

@inproceedings{gal2016theoretically,
  title={A theoretically grounded application of dropout in recurrent neural networks},
  author={Gal, Yarin and Ghahramani, Zoubin},
  booktitle={Advances in neural information processing systems},
  pages={1019--1027},
  year={2016}
}

@article{graves2013generating,
  title={Generating sequences with recurrent neural networks},
  author={Graves, Alex},
  journal={arXiv preprint arXiv:1308.0850},
  year={2013}
}

@inproceedings{bengio2015scheduled,
  title={Scheduled sampling for sequence prediction with recurrent neural networks},
  author={Bengio, Samy and Vinyals, Oriol and Jaitly, Navdeep and Shazeer, Noam},
  booktitle={Advances in Neural Information Processing Systems},
  pages={1171--1179},
  year={2015}
}

@inproceedings{chorowski2015attention,
  title={Attention-based models for speech recognition},
  author={Chorowski, Jan K and Bahdanau, Dzmitry and Serdyuk, Dmitriy and Cho, Kyunghyun and Bengio, Yoshua},
  booktitle={Advances in neural information processing systems},
  pages={577--585},
  year={2015}
}

@article{raffel2017online,
  title={Online and linear-time attention by enforcing monotonic alignments},
  author={Raffel, Colin and Luong, Minh-Thang and Liu, Peter J and Weiss, Ron J and Eck, Douglas},
  journal={arXiv preprint arXiv:1704.00784},
  year={2017}
}

@article{siegelmann1995computational,
  title={On the computational power of neural nets},
  author={Siegelmann, Hava T and Sontag, Eduardo D},
  journal={Journal of computer and system sciences},
  volume={50},
  number={1},
  pages={132--150},
  year={1995},
  publisher={Elsevier}
}

@article{dehghani2018universal,
  title={Universal Transformers},
  author={Dehghani, Mostafa and Gouws, Stephan and Vinyals, Oriol and Uszkoreit, Jakob and Kaiser, {\L}ukasz},
  journal={arXiv preprint arXiv:1807.03819},
  year={2018}
}

@article{scardapane2018complex,
  title={Complex-valued Neural Networks with Non-parametric Activation Functions},
  author={Scardapane, Simone and Van Vaerenbergh, Steven and Hussain, Amir and Uncini, Aurelio},
  journal={arXiv preprint arXiv:1802.08026},
  year={2018}
}

@article{trabelsi2017deep,
  title={Deep complex networks},
  author={Trabelsi, Chiheb and Bilaniuk, Olexa and Zhang, Ying and Serdyuk, Dmitriy and Subramanian, Sandeep and Santos, Jo{\~a}o Felipe and Mehri, Soroush and Rostamzadeh, Negar and Bengio, Yoshua and Pal, Christopher J},
  journal={arXiv preprint arXiv:1705.09792},
  year={2017}
}

@inproceedings{hu2016initial,
  title={Initial investigation of speech synthesis based on complex-valued neural networks},
  author={Hu, Qiong and Yamagishi, Junichi and Richmond, Korin and Subramanian, Kartick and Stylianou, Yannis},
  booktitle={Acoustics, Speech and Signal Processing (ICASSP), 2016 IEEE International Conference on},
  pages={5630--5634},
  year={2016},
  organization={IEEE}
}

@inproceedings{fu2017complex,
  title={Complex spectrogram enhancement by convolutional neural network with multi-metrics learning},
  author={Fu, Szu-Wei and Hu, Ting-yao and Tsao, Yu and Lu, Xugang},
  booktitle={Machine Learning for Signal Processing (MLSP), 2017 IEEE 27th International Workshop on},
  pages={1--6},
  year={2017},
  organization={IEEE}
}

@article{nakashika2018complex,
  title={Complex-Valued Restricted Boltzmann Machine for Direct Speech Parameterization from Complex Spectra},
  author={Nakashika, Toru and Takaki, Shinji and Yamagishi, Junichi},
  journal={arXiv preprint arXiv:1803.09946},
  year={2018}
}

@inproceedings{drude2016appropriateness,
  title={On the Appropriateness of Complex-Valued Neural Networks for Speech Enhancement.},
  author={Drude, Lukas and Raj, Bhiksha and Haeb-Umbach, Reinhold},
  booktitle={INTERSPEECH},
  pages={1745--1749},
  year={2016}
}
